@article{chino78,
  title =	 {A Graphical Technique for Representing the Asymmetric Relationships Between N Objects},
  author =	 {Chino, Naohito},
  journal =	 {Behaviormetrika},
  volume =	 {5},
  number =	 {5},
  pages =	 {23--44},
  year =	 {1978},
  pdfconv =	 {1978__Chino_Naohito__A_Graphical_Technique_for_Representing_the_Asymmetric_Relationships_Between_N_Objects}
}

@article{okadaimaizumi87,
  title =	 {Nonmetric Multidimensional Scaling of Asymmetric Proximities},
  author =	 {Okada, Akinori and Imaizumi, Tadashi},
  journal =	 {Behaviormetrika},
  volume =	 {14},
  number =	 {21},
  pages =	 {81--96},
  year =	 {1987},
  pdfconv =	 {1987__Okada_Imaizumi__Nonmetric_Multidimensional_Scaling_of_Asymmetric_Proximities}
}

@article{chino90,
  title =	 {A Generalized Inner Product Model for the Analysis of Asymmetry},
  author =	 {Chino, Naohito},
  journal =	 {Behaviormetrika},
  volume =	 {17},
  number =	 {27},
  pages =	 {25--46},
  year =	 {1990},
  pdfconv =	 {1990__Naohito_Chino__A_Generalized_Inner_Product_Model_for_the_Analysis_of_Asymmetry,pdf}
}

@article{chinoshiraiwa93,
  title =	 {Geometrical Structures of Some Non-Distance Models for Asymmetric MDS},
  author =	 {Chino, Naohito and Shiraiwa, Kenichi},
  journal =	 {Behaviormetrika},
  volume =	 {20},
  number =	 {1},
  pages =	 {35--47},
  year =	 {1993},
  pdfconv =	 {1993__Chino_Shiraiwa__Geometrical_Structures_of_Some_Non-Distance_Models_for_Asymmetric_MDS.pdf}
}

@article{vanommenetal13,
  title =	 {Is Diachronic Lenition a Factor in the Asymmetry in Intelligibility Between Danish and Swedish?},
  author =	 {van Ommen, Sandrien and Hendriks, Petra and Gilbers, Dicky and van Heuven, Vincent and Gooskens, Charlotte},
  journal =	 {Lingua},
  volume =	 {137},
  pages =	 {193--213},
  year =	 {2013},
  publisher =	 {Elsevier}
}

@incollection{gentleman06,
  title =	 {Distance Measures in DNA Microarray Data Analysis},
  author =	 {Gentleman, R. and Ding, B. and Dudoit, S. and Ibrahim, J.},
  booktitle =	 {Bioinformatics and Computational Biology Solutions Using R and Bioconductor},
  editor =	 {Gentleman, R. and Carey, V. and Huber, W. and Irizarry, R. and Dudoit, S.},
  year =	 {2006},
  publisher =	 {Springer},
  pdfconv =	 {2006__Gentleman_et_al__Distance_Measures_in_DNA_Microarray_Data_Analysis}
}

@article{christensen99,
  title =	 {Measuring Confirmation},
  author =	 {Christensen, David},
  journal =	 {The Journal of Philosophy},
  volume =	 {96},
  number =	 {9},
  pages =	 {437--461},
  year =	 {1999},
  pdfconv =	 {1999__David_Christensen__Measuring_Confirmation}
}

@book{poincare08,
  title =	 {La Science et l'Hypoth{\`e}se},
  author =	 {Poincar{\'e}, Henri},
  year =	 {1908},
  publisher =	 {Flammarion},
  address =	 {Paris, France}
}

@book{cassirer23,
  title =	 {Substance and Function and Einstein's Theory of Relativity},
  author =	 {Cassirer, Ernst},
  year =	 {1923},
  publisher =	 {Open Court},
  address =	 {La Salle, IL}
}

@book{bertsekas82,
  title =	 {Constrained Optimization and Lagrange Multiplier Methods},
  author =	 {Bertsekas, Dimitri},
  publisher =	 {Academic},
  address =	 {Boston, MA},
  year =	 {1982}
}

@article{hajek03,
  title =	 {What Conditional Probability Could Not Be},
  author =	 {H{\'a}jek, Alan},
  journal =	 {Synthese},
  volume =	 {137},
  number =	 {3},
  pages =	 {273--323},
  year =	 {2003}
}

@article{tversky77,
  Author =	 {Tversky, Amos},
  Journal =	 {Psychological Review},
  Number =	 {4},
  Pages =	 {327--352},
  Title =	 {Features of Similarity},
  Volume =	 {84},
  Year =	 {1977}
}

@book{shunichi85,
  title =	 {Differential-Geometrical Methods in Statistics},
  author =	 {Shun-ichi, Amari},
  year =	 {1985},
  publisher =	 {Springer},
  address =	 {Berlin, Germany}
}

@incollection{miller84,
  title =	 {A Geometry of Logic},
  author =	 {Miller, David},
  booktitle =	 {Aspects of Vagueness},
  editor =	 {Skala, Heinz and Termini, Settimo and Trillas, Enric},
  pages =	 {91--104},
  year =	 {1984},
  publisher =	 {Reidel},
  address =	 {Dordrecht, Holland}
}

@article{oddie13,
  title =	 {The Content, Consequence and Likeness Approaches to Verisimilitude: Compatibility, Trivialization, and Underdetermination},
  author =	 {Oddie, Graham},
  journal =	 {Synthese},
  volume =	 {190},
  number =	 {9},
  pages =	 {1647--1687},
  year =	 {2013}
}

@article{mormann05,
  title =	 {Geometry of Logic and Truth Approximation},
  author =	 {Mormann, Thomas},
  journal =	 {Poznan Studies in the Philosophy of the Sciences and the Humanities},
  volume =	 {83},
  number =	 {1},
  pages =	 {431--454},
  year =	 {2005},
  pdfconv =	 {2005__Thomas_Mormann__Geometry_of_Logic_and_Truth_Approximation}
}

@article{gemes07,
  title =	 {Verisimilitude and Content},
  author =	 {Gemes, Ken},
  journal =	 {Synthese},
  volume =	 {154},
  number =	 {2},
  pages =	 {293--306},
  year =	 {2007}
}

@book{popper63,
  title =	 {Conjectures and Refutations},
  author =	 {Popper, Karl},
  year =	 {1963},
  publisher =	 {Routledge and Kegan Paul},
  address =	 {London, UK}
}

@article{eellsfitelson02,
  title =	 {Symmetries and Asymmetries in Evidential Support},
  author =	 {Eells, Ellery and Fitelson, Branden},
  journal =	 {Philosophical Studies: An International Journal for Philosophy in the Analytic Tradition},
  volume =	 {107},
  number =	 {2},
  pages =	 {129--142},
  year =	 {2002}
}

@article{fitelson01,
  title =	 {A Bayesian Account of Independent Evidence with Applications},
  author =	 {Fitelson, Branden},
  journal =	 {Philosophy of Science},
  volume =	 {68},
  number =	 {3},
  pages =	 {123--140},
  year =	 {2001}
}

@article{field78,
  title =	 {A Note on Jeffrey Conditionalization},
  author =	 {Field, Hartry},
  journal =	 {Philosophy of Science},
  volume =	 {45},
  number =	 {3},
  pages =	 {361--367},
  year =	 {1978}
}

@book{coverthomas06,
  title =        {Elements of Information Theory},
  author =       {Cover, T.M. and Thomas, J.A.},
  volume =       {6},
  year =         {2006},
  publisher =    {Wiley},
  address =      {Hoboken, NJ}
}

@book{csiszarshields04,
  title =	 {Information Theory and Statistics: A Tutorial},
  author =	 {Csisz{\'a}r, Imre and Shields, Paul C},
  year =	 {2004},
  publisher =	 {Now Publishers},
  address =	 {Hanover, MA},
  pdfconv =	 {2004__Csiszar_Shields__Information_Theory_and_Statistics_A_Tutorial.pdf}
}

@article{edwardsetal63,
  title =	 {Bayesian Statistical Inference for Psychological Research},
  author =	 {Savage, Leonard J. and Lindman, Harold and Edwards, Ward},
  journal =	 {Psychological Review},
  volume =	 {70},
  number =	 {3},
  pages =	 {193},
  year =	 {1963},
  publisher =	 {American Psychological Association}
}                  

@article{wagner02,
  title =	 {Probability Kinematics and Commutativity},
  author =	 {Wagner, Carl},
  journal =	 {Philosophy of Science},
  volume =	 {69},
  number =	 {2},
  pages =	 {266--278},
  year =	 {2002},
  publisher =	 {JSTOR}
}

@article{easwaran13,
  title =	 {Expected Accuracy Supports Conditionalization---and Conglomerability and Reflection},
  author =	 {Easwaran, Kenny},
  journal =	 {Philosophy of Science},
  volume =	 {80},
  number =	 {1},
  pages =	 {119--142},
  year =	 {2013}
}

@article{levinstein12,
  title =	 {Leitgeb and Pettigrew on Accuracy and Updating},
  author =	 {Levinstein, Benjamin Anders},
  journal =	 {Philosophy of Science},
  volume =	 {79},
  number =	 {3},
  pages =	 {413--424},
  year =	 {2012}
}                  

@article{howsonfranklin94,
  title =        {Bayesian Conditionalization and Probability Kinematics},
  author =       {Howson, Colin and Franklin, Allan},
  journal =      {The British Journal for the Philosophy of Science},
  volume =       {45},
  number =       {2},
  pages =        {451--466},
  year =         {1994}
}

@incollection{skyrms86,
  title =	 {Dynamic Coherence},
  author =	 {Skyrms, Brian},
  booktitle =	 {Advances in the Statistical Sciences: Foundations of Statistical Inference},
  pages =	 {233--243},
  year =	 {1986},
  publisher =	 {Springer}
}

@article{armendt80,
  title =	 {Is There a Dutch Book Argument for Probability Kinematics?},
  author =	 {Armendt, Brad},
  journal =	 {Philosophy of Science},
  volume =	 {47},
  number =	 {4},
  pages =	 {583--588},
  year =	 {1980}
}

@book{jeffrey65,
  title =        {The Logic of Decision},
  author =       {Jeffrey, Richard},
  year =         {1965},
  address =      {New York, NY},
  publisher =    {McGraw-Hill}
}

@book{carnap52,
  title =	 {The Continuum of Inductive Methods},
  author =	 {Carnap, Rudolf},
  year =	 {1952},
  publisher =	 {University of Chicago}
}

@article{lukits15,
  year =	 {2015},
  journal =	 {Entropy},
  volume =	 {17},
  number =	 {Special Issue ``Maximum Entropy Applied to Inductive Logic and Reasoning,'' edited by J{\"u}rgen Landes and Jon Williamson},
  title =	 {Maximum Entropy and Probability Kinematics Constrained by Conditionals},
  author =	 {Lukits, Stefan},
  pages =	 {1690--1700}
}

@article{williams80,
  title =	 {Bayesian Conditionalisation and the Principle of Minimum Information},
  author =	 {Williams, Paul},
  journal =	 {The British Journal for the Philosophy of Science},
  volume =	 {31},
  number =	 {2},
  pages =	 {131--144},
  year =	 {1980}
}

@article{maher02,
  title =	 {Joyce's Argument for Probabilism},
  author =	 {Maher, Patrick},
  journal =	 {Philosophy of Science},
  volume =	 {69},
  number =	 {1},
  pages =	 {73--81},
  year =	 {2002}
}

@book{maher93,
  title =	 {Betting on Theories},
  author =	 {Maher, Patrick},
  year =	 {1993},
  publisher =	 {Cambridge University}
}

@article{shorejohnson80,
  title =	 {Axiomatic Derivation of the Principle of Maximum Entropy and the Principle of Minimum Cross-Entropy},
  author =	 {Shore, J. and Johnson, R.W.},
  journal =	 {IEEE Transactions on Information Theory},
  volume =	 {26},
  number =	 {1},
  pages =	 {26--37},
  year =	 {1980},
  publisher =	 {IEEE}
}

@phdthesis{giffin08,
  author =	 {Giffin, Adom},
  title =	 {Maximum Entropy: The Universal Method for Inference},
  school =	 {University at Albany, State University of New York},
  type =	 {{PhD} Dissertation},
  address =	 {Department of Physics},
  year =	 {2008},
  pdfconv =	 {2008__Giffin_Adom__Maximum_Entropy_The_Universal_Method_for_Inference.pdf}
}

@inproceedings{catichagiffin06,
  author =	 {Caticha, Ariel and Giffin, Adom},
  title =	 {Updating Probabilities},
  booktitle =	 {MaxEnt 2006, the 26th International Workshop on Bayesian Inference and Maximum Entropy Methods},
  pdfconv =	 {2006__Caticha_Giffin__Updating_Probabilities.pdf},
  year =	 {2006}
}

@article{preddseiringer09,
  title =	 {Probabilistic Coherence and Proper Scoring Rules},
  author =	 {Predd, Joel and Seiringer, Robert and Lieb, Elliott and Osherson, Daniel and Poor, H. Vincent and Kulkarni, Sanjeev},
  journal =	 {IEEE Transactions on Information Theory},
  volume =	 {55},
  number =	 {10},
  pages =	 {4786--4792},
  year =	 {2009}
}

@article{selten98,
  title =	 {Axiomatic Characterization of the Quadratic Scoring Rule},
  author =	 {Selten, Reinhard},
  journal =	 {Experimental Economics},
  volume =	 {1},
  number =	 {1},
  pages =	 {43--62},
  year =	 {1998}
}

@article{pettigrew13,
  title =	 {Epistemic Utility and Norms for Credences},
  author =	 {Pettigrew, Richard},
  journal =	 {Philosophy Compass},
  volume =	 {8},
  number =	 {10},
  pages =	 {897--908},
  year =	 {2013}
}

@article{greaveswallace06,
  title =	 {Justifying Conditionalization: Conditionalization Maximizes Expected Epistemic Utility},
  author =	 {Greaves, Hilary and Wallace, David},
  journal =	 {Mind},
  volume =	 {115},
  number =	 {459},
  pages =	 {607--632},
  year =	 {2006}
}

@article{joyce98,
  title =	 {A Nonpragmatic Vindication of Probabilism},
  author =	 {Joyce, James},
  journal =	 {Philosophy of Science},
  volume =	 {65},
  number =	 {4},
  pages =	 {575--603},
  year =	 {1998}
}

@article{moss11,
  title =	 {Scoring Rules and Epistemic Compromise},
  author =	 {Moss, Sarah},
  journal =	 {Mind},
  volume =	 {120},
  number =	 {480},
  pages =	 {1053--1069},
  year =	 {2011}
}

@article{fitelson12,
  title =	 {Accuracy, Language Dependence, and Joyce’s Argument for Probabilism},
  author =	 {Fitelson, Branden},
  journal =	 {Philosophy of Science},
  volume =	 {79},
  number =	 {1},
  pages =	 {167--174},
  year =	 {2012}
}

@article{leitgebpettigrew10ii,
  title =	 {An Objective Justification of Bayesianism II: The Consequences of Minimizing Inaccuracy},
  author =	 {Leitgeb, Hannes and Pettigrew, Richard},
  journal =	 {Philosophy of Science},
  volume =	 {77},
  number =	 {2},
  pages =	 {236--272},
  year =	 {2010}
}

@article{leitgebpettigrew10i,
  title =	 {An Objective Justification of Bayesianism I: Measuring Inaccuracy},
  author =	 {Leitgeb, Hannes and Pettigrew, Richard},
  journal =	 {Philosophy of Science},
  volume =	 {77},
  number =	 {2},
  pages =	 {201--235},
  year =	 {2010}
}

@article{diaconiszabell82,
  title =	 {Updating Subjective Probability},
  author =	 {Diaconis, Persi and Zabell, Sandy},
  journal =	 {Journal of the American Statistical Association},
  volume =	 {77},
  number =	 {380},
  pages =	 {822--830},
  year =	 {1982},
  publisher =	 {American Statistical Association}
}

@book{halpern03,
  title =        {{Reasoning About Uncertainty}},
  author =       {Halpern, Joseph},
  year =         {2003},
  address =      {Cambridge, MA},
  publisher =    {MIT}
}

@incollection{lewis99,
  title =	 {Why Conditionalize},
  author =	 {Lewis, David},
  booktitle =	 {Papers in Metaphysics and Epistemology: Volume 2},
  pages =	 {403--407},
  publisher =	 {Cambridge University},
  year =	 {2010}
}

@article{fraassen86,
  title =	 {A Demonstration of the Jeffrey Conditionalization Rule},
  author =	 {Fraassen, Bas},
  journal =	 {Erkenntnis},
  volume =	 {24},
  number =	 {1},
  pages =	 {17--24},
  year =	 {1986}
}