@article{lukits14,
  title =	 {The Principle of Maximum Entropy and a Problem in Probability Kinematics},
  author =	 {Lukits, Stefan},
  journal =	 {Synthese},
  pages =	 {1--23},
  year =	 {2014},
  publisher =	 {Springer}
}

@article{majernik00,
  title =	 {Marginal Probability Distribution Determined by the Maximum Entropy Method},
  author =	 {Majern{\'\i}k, Vladim{\'\i}r},
  journal =	 {Reports on Mathematical Physics},
  volume =	 {45},
  number =	 {2},
  pages =	 {171--181},
  year =	 {2000},
  publisher =	 {Elsevier}
}

@article{seidenfeld79,
  title =        {Why I Am Not an Objective Bayesian; Some Reflections Prompted by Rosenkrantz},
  author =       {Seidenfeld, Teddy},
  journal =      {Theory and Decision},
  volume =       {11},
  number =       {4},
  pages =        {413--440},
  year =         {1979},
  publisher =    {Springer}
}

@book{zabell05,
  title =	 {Symmetry and Its Discontents: Essays on the History of Inductive Probability},
  author =	 {Zabell, Sandy},
  year =	 {2005},
  publisher =	 {Cambridge University Press}
}

@article{joyce05,
  title =	 {How Probabilities Reflect Evidence},
  author =	 {Joyce, James},
  journal =	 {Philosophical Perspectives},
  volume =	 {19},
  number =	 {1},
  pages =	 {153--178},
  year =	 {2005},
  publisher =	 {Wiley Online Library}
}

@article{shorejohnson80,
  title =	 {Axiomatic Derivation of the Principle of Maximum Entropy and the Principle of Minimum Cross-Entropy},
  author =	 {Shore, J. and Johnson, R.W.},
  journal =	 {IEEE Transactions on Information Theory},
  volume =	 {26},
  number =	 {1},
  pages =	 {26--37},
  year =	 {1980},
  publisher =	 {IEEE}
}

@inproceedings{catichagiffin06,
  author =	 {Caticha, Ariel and Giffin, Adom},
  title =	 {Updating Probabilities},
  booktitle =	 {MaxEnt 2006, the 26th International Workshop on Bayesian Inference and Maximum Entropy Methods},
  pdfconv =	 {2006__Caticha_Giffin__Updating_Probabilities.pdf},
  year =	 {2006}
}

@book{spohn12,
  title =	 {The Laws of Belief: Ranking Theory and Its Philosophical Applications},
  author =	 {Spohn, Wolfgang},
  year =	 {2012},
  publisher =	 {Oxford}
}

@article{friedmanshimony71,
  title =	 {Jaynes's Maximum Entropy Prescription and Probability Theory},
  author =	 {Friedman, Kenneth and Shimony, Abner},
  journal =	 {Journal of Statistical Physics},
  volume =	 {3},
  number =	 {4},
  pages =	 {381--384},
  year =	 {1971},
  publisher =	 {Springer}
}

@article{wagner92,
  title =	 {Generalized Probability Kinematics},
  author =	 {Wagner, Carl G},
  journal =	 {Erkenntnis},
  volume =	 {36},
  number =	 {2},
  pages =	 {245--257},
  year =	 {1992},
  publisher =	 {Springer}
}

@book{bertsekas82,
  title =	 {Constrained Optimization and Lagrange Multiplier Methods},
  author =	 {Bertsekas, Dimitri},
  publisher =	 {Academic},
  address =	 {Boston, MA},
  year =	 {1982}
}

@article{dempster67,
  title =	 {Upper and Lower Probabilities Induced by a Multivalued Mapping},
  author =	 {Dempster, Arthur},
  journal =	 {The Annals of Mathematical Statistics},
  volume =	 {38},
  number =	 {2},
  pages =	 {325--339},
  year =	 {1967},
  publisher =	 {Institute of Mathematical Statistics}
}

@article{fraassen81,
  title =	 {A Problem for Relative Information Minimizers in Probability Kinematics},
  author =	 {Van Fraassen, Bas},
  journal =	 {The British Journal for the Philosophy of Science},
  volume =	 {32},
  number =	 {4},
  pages =	 {375--379},
  year =	 {1981},
  publisher =	 {JSTOR}
}