
@book{augustine2010,
	author={Augustine and Peter King},
	year={2010},
	title={On the Free Choice of the Will, On Grace and Free Choice, and Other Writings},
	publisher={Cambridge University Press},
	address={Cambridge}
}

@article{balaguer2004,
	author={Mark Balaguer},
	year={2004},
	title={A Coherent, Naturalistic, and Plausible Formulation of Libertarian Free Will},
	journal={Nous},
	volume={38},
	pages={379-406}
}

@incollection{bennett1980,
	author={Jonathan Bennett},
	editor={Zak Van Straaten},
	year={1980},
	booktitle={Philosophical Subjects},
        title={Accountability},
	publisher={Clarendon Press},
	address={Oxford},
	pages={302}
}

@book{boethius2008,
	author={Boethius and P.G. Walsh},
	title={Consolations of Philosophy},
	year={2008},
	publisher={Oxford University Press},
	address={Oxford}
}

@book{bok1998,
	author={Hilary Bok},
	year={1998},
	title={Freedom and responsibility},
	publisher={Princeton University Press},
	address={Princeton, N.J.}
}

@book{bratman2007,
	author={Michael Bratman},
	year={2007},
	title={Structures of Agency: Essays},
	publisher={Oxford University Press},
	address={Oxford}
}

@article{clarke1993,
	author={Randolph Clarke},
	year={1993},
	month={June},
	title={Toward A Credible Agent-Causal Account of Free Will},
	journal={Nous},
	volume={27},
	pages={191-203}
}

@incollection{descartes1984a,
	author={Renee Descartes},
	editor={John Cottingham AND Robert StootHoff AND Dugald Murdoch},
	year={1984},
	booktitle={The Philosophical Writings of Descartes Volume I},
        title={Discourse on Method},
	publisher={Cambridge University Press},
	address={Cambridge},
	pages={111-51}
}

@incollection{descartes1984b,
	author={Renee Descartes},
	editor={John Cottingham AND Robert StootHoff AND Dugald Murdoch},
	year={1984},
	booktitle={The Philosophical Writings of Descartes Volume I},
        title={The Passions of the Soul},
	publisher={Cambridge University Press},
	address={Cambridge},
	pages={328-404}
}

@incollection{descartes1984c,
	author={Renee Descartes},
	editor={John Cottingham AND Robert StootHoff AND Dugald Murdoch},
	year={1984},
	booktitle={The Philosophical Writings of Descartes Volume II},
        title={Meditations on First Philosophy},
	publisher={Cambridge University Press},
	address={Cambridge},
	pages={1-62}
}

@book{dennett1984,
	author={Daniel Clement Dennett},
	year={1984},
	title={Elbow room: the varieties of free will worth wanting},
	publisher={MIT Press},
	address={Cambridge, Mass.},
	pages={200}
}

@incollection{dennett1987,
	author={Daniel Dennett},
	year={1987},
	booktitle={The Intentional Stance},
        title={Three Kinds of Intentional Psychology},
	publisher={MIT Press},
	address={Cambridge},
	pages={43-68}
}

@book{fischer2007,
	author={John Martin Fischer},
	year={2007},
	title={Four views on free will},
	publisher={Blackwell Pub.},
	address={Malden, MA},
	pages={232}
}

@book{fischer1986,
	author={John Martin Fischer},
	year={1986},
	title={Moral responsibility},
	publisher={Cornell University Press},
	address={Ithaca, N.Y.},
	pages={260}
}

@book{fischerravizza1998,
	author={John Martin Fischer and Mark Ravizza},
	year={1998},
	title={Responsibility and control: a theory of moral responsibility},
	publisher={Cambridge University Press},
	address={Cambridge},
	pages={277}
}

@article{frankfurt1971,
	author={Harry G. Frankfurt},
	year={1971},
	month={January},
	title={Freedom of the Will and the Concept of a Person},
	journal={Journal of Philosophy},
	volume={68},
	pages={5-20}
}

@article{frankfurt1969,
	author={Harry G. Frankfurt},
	year={1969},
	month={December},
	title={Alternate Possibilities and Moral Responsibility},
	journal={Journal of Philosophy},
	volume={66},
	pages={829-839}
}

@book{gibbard1990,
	author={Alan Gibbard},
	year={1990},
	title={Wise Choices, Apt Feelings},
	publisher={Harvard University Press},
	address={Cambridge}
}

@book{hirstein2005,
	author={William Hirstein},
	year={2005},
	title={Brain Fiction: Self-Deception and the Riddle of Confabulation},
	publisher={MIT University Press},
	address={Cambridge}
}

@article{horgan2007,
	author={Terry Horgan},
	year={2007},
	month={April},
	title={Agentive Phenomenal Intentionality and the Limits of Introspection},
	journal={Psyche},
	volume={13},
	pages={1-29}
}

@book{husserl1999,
	author={Edmund Husserl and Dorion Cairns},
	year={1999},
	title={Cartesian Meditations},
	publisher={Springer},
	address={Boston}
}

@book{kane1998,
	author={Robert Kane},
	year={1998},
	title={The Signifigance of Free Will},
	publisher={Oxford University Press},
	address={Oxford}
}

@article{kane1999,
	author={Robert Kane},
	year={1999},
	month={May},
	title={Responsibility, Luck, and Chance: Reflections on Free Will and Indeterminism},
	journal={Journal of Philosophy},
	volume={96},
	pages={217-240}
}

@book{kant1998,
	author={Immanuel Kant and Paul Guyer and Allen W. Wood},
	year={1998},
	title={Critique of pure reason},
	publisher={Cambridge University Press},
	address={Cambridge},
	pages={785}
}

@book{korsgaard1996b,
	author={Christine M. Korsgaard},
	year={1996},
	title={Creating the kingdom of ends},
	publisher={Cambridge University Press},
	address={Cambridge},
	pages={442}
}

@book{korsgaard1996,
	author={Christine M. Korsgaard and Onora O'Neill},
	year={1996},
	title={The sources of normativity},
	publisher={Cambridge University Press},
	address={Cambridge},
	pages={273}
}

@book{korsgaard2009,
	author={Christine M. Korsgaard},
	year={2009},
	title={Self Constitution: Agency, Identity, and Integrity},
	publisher={Oxford University Press},
	address={Oxford}
}

@book{mele1995,
	author={Alfred Mele},
	year={1995},
	title={Autonomous Agents: From Self-Control to Autonomy},
	publisher={Oxford University Press},
	address={Oxford}
}

@book{nagel1989,
	author={Thomas Nagel},
	year={1989},
	title={The view from nowhere},
	publisher={Oxford University Press},
	address={New York},
	pages={244}
}

@incollection{nagel1979,
	author={Thomas Nagel},
	year={1979},
	booktitle={Mortal questions},
        title={The Absurd},
	publisher={Cambridge University Press},
	address={Cambridge},
	pages={213}
}

@incollection{nagel1979b,
	author={Thomas Nagel},
	year={1979},
	booktitle={Mortal questions},
        title={Moral Luck},
	publisher={Cambridge University Press},
	address={Cambridge},
	pages={24-38}
}

@article{nahmias2004,
	author={Eddie Nahmias AND Stephen Morris AND Thomas Nadelhoffer AND Jason Turner},
	year={2004},
	title={The Phenomenology of Free Will},
	journal={Journal of Consciousness Studies},
	volume={11},
	pages={162-179}
}

@book(nietzsche2010,
	author={Friedrich Nietzsche and Carol Diethe},
	editor={Keith Ansell-Pearson},
	year={2010},
	title={On the Genealogy of Morality},
	publisher={Cambridge University Press},
	address={Cambridge}
}

@incollection{oconnor1995,
	author={Timothy O'Connor},
	year={1995},
	booktitle={Agents, Causes, and Events: Essays on Indeterminism and Free Will},
        title={Agent Causation},
	publisher={Oxford University Press},
	address={New York},
	pages={173-200}
}

@article{oconnor2005,
	author={Timothy O'Connor},
	year={2005},
	title={Freedom with a Human Face},
	journal={Midwest Studies in Philosophy},
	volume={29},
	pages={207-227}
}

@book{pereboom2001,
	author={Derk Pereboom},
	year={2001},
	title={Living Without Free Will},
	publisher={Cambridge University Press},
	address={New York},
	pages={231}
}

@incollection{plato1997,
	author={Plato},
	editor={John Cooper},	
	year={1997},
	booktitle={Plato Complete Works},
        title={Republic},
	publisher={Hackett Press},
	address={Indianapolis},
	pages={971-1223}
}

@article{russell1992,
	author={Paul Russell},
	year={1992},
	month={January},
	title={Strawson's Way of Naturalizing Responsibility},
	journal={Ethics: An International Journal of Social},
	volume={102},
	number={2},
	pages={287-302}
}

@incollection{russell2002,
	editor={Robert Kane},
	author={Paul Russell},
	year={2002},
	title={Pessimists, Pollyannas, and the New Compatibilism},
	booktitle={The Oxford Handbook of Free Will},
	publisher={Oxford University Press},
	address={Oxford},
	pages={229-256}
}

@incollection{scanlon1988,
	editor={Sterling M. McMurrin},	
	author={Thomas Scanlon},
	year={1988},
	booktitle={The Tanner Lectures on Human Values},
        title={The Significance of Choice},
	publisher={University of Utah Press},
	volume={8},
	address={Salt Lake City},
	pages={149-216}
}

@book{schechtman1996,
	author={Marya Schechtman},
	year={1996},
	title={The Constitution of Selves},
	publisher={Cornell University Press},
	address={Ithica}
}

@book{scheffler1992,
	author={Samuel Scheffler},
	year={1992},
	title={Human morality},
	publisher={Oxford University Press},
	address={New York},
	pages={150}
}

@incollection{sellars1962,
	editor={Robert G. Colodny},	
	author={Wilfrid Sellars},
	year={1962},
	booktitle={Frontiers of Science and Philosophy},
        title={Philosophy and the Scientific Image of Man},
	publisher={University of Pittsburgh Press},
	address={Pittsburg},
	pages={}
}


@article{smart1961,
	author={J. J. C. Smart},
	year={1961},
	month={Jul.},
	title={Free-Will, Praise and Blame},
	journal={Mind},
	volume={70},
	number={279}
	pages={p.291-306}
}

@book{smilansky2000,
	author={Saul Smilansky},
	year={2000},
	title={Free will and illusion},
	publisher={Clarendon Press; Oxford University Press},
	address={Oxford; New York},
	pages={329}
}

@article{smith2007,
	author={Angela Smith},
	year={2007},
	title={On Being Responsible and Holding Responsible},
	journal={The Journal of Ethics},
	volume={11},
	pages={pp. 465-484}
}

@article{sommers2007,
	author={Tamler Sommers},
	year={2007},
	month={July},
	title={The Objective Attitude},
	journal={Philosophical Quarterly},
	volume={57},
	number={228},
	pages={321-341}
}

@article{strawsong1997,
	author={Galen Strawson},
	year={1997},
	title={The Self},
	journal={Journal of Consciousness Studies},
	volume={4},
	pages={405-528}
}

@book{strawsong2010,
	author={Galen Strawson},
	year={2010},
	title={Freedom and belief},
	publisher={Oxford University Press},
	address={Oxford},
	pages={324}
}

@incollection{strawsonp1974,
	author={P. F. Strawson},
	year={1974},
	title={Freedom and Resentment},
        booktitle={Freedom and Resentment and other essays},
	publisher={Harper \& Row},
	address={London}
}

@book{taylor1989,
	author={Charles Taylor},
	year={1989},
	title={Sources of the self: the making of the modern identity},
	publisher={Harvard University Press},
	address={Cambridge},
	pages={601}
}

@article{inwagen1978,
	author={Peter Van Inwagen},
	year={1978},
	month={April},
	title={Ability and Responsibility},
	journal={Philosophical Review},
	volume={87},
	pages={201-224}
}

@book(inwagen1986,
	author={Peter Van Inwagen},
	year={1986},
	title={An Essay on Free Will},
	publisher={Oxford University Press},
	address={Oxford}
}

@article{vargas2009,
	author={Manuel Vargas},
	year={2009},
	month={April},
	title={Revisionism about Free Will: a Statement \& Defense},
	journal={Philosophical Studies},
	volume={144},
	pages={45-62}
}

@article{velleman1992,
	author={J. David Velleman},
	year={1992},
	title={What Happens When Someone Acts?},
	journal={Mind},
	volume={101},
	issue={403},
	pages={461-481}
}

@book{wallace1994,
	author={R. Jay Wallace},
	year={1994},
	title={Responsibility and the moral sentiments},
	publisher={Harvard University Press},
	address={Cambridge},
	pages={275}
}

@incollection{watson1986,
	editor={John Martin Fischer},	
	author={Gary Watson},
	year={1986},
	booktitle={Moral Responsibility},
        title={Free Agency},
	publisher={Cornell University Press},
	address={Ithica},
	pages={81-96}
}

@book{williams1973,
	author={Bernard Williams and J. J. C. Smart},
	year={1973},
	title={Utlitarainism: For and Against},
	publisher={Cambridge University Press},
	address={Cambridge}
}

@book{williams1985,
	author={Bernard Williams},
	year={1985},
	title={Ethics and the limits of philosophy},
	publisher={Harvard University Press},
	address={Cambridge, Mass.},
	pages={230}
}

@incollection{williams1981,
	author={Bernard Williams},
	year={1981},
	booktitle={Moral Luck},
	title={Internal and External Reasons},	
	publisher={Cambridge University Press},
	address={Cambridge Cambridgeshire ; New York},
	pages={101-113}
}
